<record><leader>00000cas a2200000 a 4500</leader><controlfield tag="001">20556025</controlfield><controlfield tag="008">891027d1917192upauwr n       0    0ukr c</controlfield><datafield ind1=" " ind2=" " tag="010"><subfield code="a">sn 89077265 </subfield></datafield><datafield ind1=" " ind2=" " tag="040"><subfield code="a">NPH</subfield><subfield code="b">eng</subfield><subfield code="c">NPH</subfield><subfield code="d">ONP</subfield><subfield code="d">YOX</subfield><subfield code="d">NVF</subfield><subfield code="d">OCLCQ</subfield><subfield code="d">OCLCF</subfield><subfield code="d">OCLCO</subfield></datafield><datafield ind1=" " ind2=" " tag="042"><subfield code="a">pcc</subfield></datafield><datafield ind1=" " ind2=" " tag="043"><subfield code="a">n-us-pa</subfield></datafield><datafield ind1="0" ind2="0" tag="245"><subfield code="a">Narodna obrana =</subfield><subfield code="b">National defense.</subfield></datafield><datafield ind1="3" ind2="1" tag="246"><subfield code="a">National defense</subfield></datafield><datafield ind1=" " ind2=" " tag="260"><subfield code="a">Homestead, Pa. :</subfield><subfield code="b">American Russian Nat. Defense</subfield></datafield><datafield ind1=" " ind2=" " tag="300"><subfield code="a">v.</subfield></datafield><datafield ind1=" " ind2=" " tag="310"><subfield code="a">Weekly</subfield></datafield><datafield ind1="0" ind2=" " tag="362"><subfield code="a">Vol. 1, no. 1 (July 10, 1917)-</subfield></datafield><datafield ind1=" " ind2=" " tag="500"><subfield code="a">Published in Pittsburgh, Pa., &lt;1919-1921&gt;.</subfield></datafield><datafield ind1=" " ind2=" " tag="546"><subfield code="a">In Ruthenian.</subfield></datafield><datafield ind1=" " ind2=" " tag="550"><subfield code="a">Official organ of the American-Russian National Defense.</subfield></datafield><datafield ind1=" " ind2="0" tag="650"><subfield code="a">Ruthenians</subfield><subfield code="z">Pennsylvania</subfield><subfield code="v">Newspapers.</subfield></datafield><datafield ind1=" " ind2="7" tag="655"><subfield code="a">Newspapers.</subfield><subfield code="2">fast</subfield><subfield code="0">(OCoLC)fst01423814</subfield></datafield><datafield ind1=" " ind2="7" tag="650"><subfield code="a">Ruthenians.</subfield><subfield code="2">fast</subfield><subfield code="0">(OCoLC)fst01102572</subfield></datafield><datafield ind1=" " ind2="7" tag="651"><subfield code="a">Pennsylvania.</subfield><subfield code="2">fast</subfield><subfield code="0">(OCoLC)fst01204598</subfield></datafield><datafield ind1=" " ind2=" " tag="752"><subfield code="a">United States</subfield><subfield code="b">Pennsylvania</subfield><subfield code="c">Allegheny</subfield><subfield code="d">Pittsburgh.</subfield></datafield><datafield ind1=" " ind2=" " tag="752"><subfield code="a">United States</subfield><subfield code="b">Pennsylvania</subfield><subfield code="c">Allegheny</subfield><subfield code="d">Homestead.</subfield></datafield><datafield ind1="0" ind2="1" tag="785"><subfield code="t">Russki&#772;i&#774; vi&#65056;e&#65057;stnik (Pittsburgh, Pa.)</subfield><subfield code="w">(DLC)sn 78004149</subfield></datafield><datafield ind1="0" ind2="1" tag="785"><subfield code="t">Narodna oborona (Cleveland, Ohio)</subfield><subfield code="w">(DLC)sn 90068281</subfield></datafield></record>